@article{irvin2019chexpert,
  title   = {{CheXpert}: A Large Chest Radiograph Dataset with Uncertainty Labels and Expert Comparison},
  author  = {Jeremy Irvin and Pranav Rajpurkar and Michael Ko and Yifan Yu and Silviana Ciurea-Ilcus and Chris Chute and Henrik Marklund and Behzad Haghgoo and Robyn Ball and Katie Shpanskaya and Jayne Seekins and David A. Mong and Safwan S. Halabi and Jesse K. Sandberg and Ricky Jones and David B. Larson and Curtis P. Langlotz and Bhavik N. Patel and Matthew P. Lungren and Andrew Y. Ng},
  journal = {arXiv preprint arXiv:1901.07031},
  year    = {2019},
  url     = {https://arxiv.org/abs/1901.07031},
  urldate = {2024-11-26}
}

@article{selvaraju2017gradcam,
  title   = {Grad-CAM: Visual Explanations from Deep Networks via Gradient-Based Localization},
  author  = {Ramprasaath R. Selvaraju and Michael Cogswell and Abhishek Das and Ramakrishna Vedantam and Devi Parikh and Dhruv Batra},
  journal = {Proceedings of the IEEE International Conference on Computer Vision (ICCV)},
  year    = {2017},
  pages   = {618--626},
  doi     = {10.1109/ICCV.2017.74},
  url     = {https://arxiv.org/abs/1610.02391},
  urldate = {2024-11-26}
}

@inproceedings{he2016deep,
  title     = {Deep Residual Learning for Image Recognition},
  author    = {Kaiming He and Xiangyu Zhang and Shaoqing Ren and Jian Sun},
  booktitle = {Proceedings of the IEEE Conference on Computer Vision and Pattern Recognition (CVPR)},
  year      = {2016},
  pages     = {770--778},
  doi       = {10.1109/CVPR.2016.90},
  url       = {https://arxiv.org/abs/1512.03385},
  urldate   = {2024-11-26}
}

@article{gunning2019xai,
  title   = {XAI—Explainable Artificial Intelligence},
  author  = {David Gunning and Mark Stefik and Jean-Gabriel Wolff and Cynthia Gero and Michael T. Muller and David Stumpf},
  journal = {Science Robotics},
  volume  = {4},
  number  = {37},
  year    = {2019},
  doi     = {10.1126/scirobotics.aay7120},
  url     = {https://www.science.org/doi/10.1126/scirobotics.aay7120},
  urldate = {2024-11-26}
}

@article{barredoarrieta2020explainable,
  title   = {Explainable Artificial Intelligence (XAI): Concepts, Taxonomies, Opportunities and Challenges toward Responsible AI},
  author  = {Alejandro Barredo Arrieta and Natalia Díaz-Rodríguez and Javier Del Ser and Adrien Bennetot and Siham Tabik and Alberto Barbado and Salvador García and Sergio Gil-Lopez and Daniel Molina and Richard Benjamins and Raja Chatila and Francisco Herrera},
  journal = {Information Fusion},
  volume  = {58},
  pages   = {82--115},
  year    = {2020},
  doi     = {10.1016/j.inffus.2019.12.012},
  url     = {https://arxiv.org/abs/1910.10045},
  urldate = {2024-11-26}
}

@article{challen2019artificial,
  title   = {Artificial Intelligence, Bias and Clinical Safety},
  author  = {Challen, Rob and Denny, Joshua and Pitt, Martin and Gompels, Luke and Edwards, Tom and Tsaneva-Atanasova, Krasimira},
  journal = {BMJ Quality \& Safety},
  volume  = {28},
  number  = {3},
  pages   = {231--237},
  year    = {2019},
  doi     = {10.1136/bmjqs-2018-008370},
  url     = {https://qualitysafety.bmj.com/content/28/3/231},
  urldate = {2024-11-26}
}

@article{amann2020explainability,
  title   = {Explainability for Artificial Intelligence in Healthcare: A Multidisciplinary Perspective},
  author  = {Amann, Julia and Blasimme, Alessandro and Vayena, Effy and Frey, Dietmar and Madai, Vince I.},
  journal = {BMC Medical Informatics and Decision Making},
  volume  = {20},
  number  = {1},
  pages   = {310},
  year    = {2020},
  doi     = {10.1186/s12911-020-01332-6},
  url     = {https://bmcmedinformdecismak.biomedcentral.com/articles/10.1186/s12911-020-01332-6},
  urldate = {2024-11-26}
}

@article{allen2024promise,
  title   = {The Promise of Explainable AI in Digital Health for Precision Medicine: A Systematic Review},
  author  = {Allen, Ben},
  journal = {Journal of Personalized Medicine},
  volume  = {14},
  number  = {3},
  pages   = {277},
  year    = {2024},
  doi     = {10.3390/jpm14030277},
  url     = {https://www.mdpi.com/2075-4426/14/3/277},
  urldate = {2024-11-26}
}

@article{deng2009imagenet,
  title     = {ImageNet: A Large-Scale Hierarchical Image Database},
  author    = {Deng, Jia and Dong, Wei and Socher, Richard and Li, Li-Jia and Li, Kai and Fei-Fei, Li},
  booktitle = {Proceedings of the IEEE Conference on Computer Vision and Pattern Recognition (CVPR)},
  year      = {2009},
  pages     = {248--255},
  doi       = {10.1109/CVPR.2009.5206848},
  url       = {https://ieeexplore.ieee.org/document/5206848},
  urldate   = {2024-11-26}
}

@article{loshchilov2019decoupled,
  title   = {Decoupled Weight Decay Regularization},
  author  = {Loshchilov, Ilya and Hutter, Frank},
  journal = {International Conference on Learning Representations (ICLR)},
  year    = {2019},
  url     = {https://arxiv.org/abs/1711.05101},
  urldate = {2024-11-26}
}

@article{hanley1982meaning,
  title   = {The Meaning and Use of the Area under a Receiver Operating Characteristic (ROC) Curve},
  author  = {Hanley, James A. and McNeil, Barbara J.},
  journal = {Radiology},
  volume  = {143},
  number  = {1},
  pages   = {29--36},
  year    = {1982},
  doi     = {10.1148/radiology.143.1.7063747},
  url     = {https://pubs.rsna.org/doi/10.1148/radiology.143.1.7063747},
  urldate = {2024-11-26}
}